
% chapter 1
@INCOLLECTION{kis_eip,
  title        = {Корпоративные информационные порталы - EIP},
  booktitle    = {Корпоративные порталы},
  organization = {Corpsite RU},
  year         = {2006},
  url          = {http://corpsite.ru/Encyclopedia/CorpPortal/EIP/EIP.aspx},
  urldate      = {01.02.2012},
}

@INCOLLECTION{opred_kis,
  title        = {Определение корпоративного портала и вытекающие основные задачи},
  booktitle    = {Корпоративные порталы},
  organization = {Corpsite RU},
  year         = {2006},
  url          = {http://corpsite.ru/Encyclopedia/CorpPortal/PortalDdefinition.aspx},
  urldate      = {01.02.2012},
}


@INCOLLECTION{auth_n_aut,
  title        = {Аутентификация и авторизация},
  booktitle    = {Обеспечение информационной безопасности бизнеса. 
  					Основные направления обеспечения ИБ},
  year         = {2008},
  url          = {http://files.tiu.ru/104103_uthenticationauthorization.pdf},
  urldate      = {06.03.2012},
}

@BOOK{GOST_P51141,
  title        = {ГОСТ Р 51141-98. Делопроизводство и архивное дело.
   Термины и определения. – Введ. 1999-01-01.},
  publisher    = {Госстандарт России: Изд-во стандартов},
  address      = {М.},
  year         = {1999},
  language     = {russian},
}

@BOOK{kuznecov,
  author       = {С. Л. Кузнецов},
  title        = {Современные технологии документационного 
  					обеспечения управления: учебное пособие для вузов},
  publisher    = {Издательский дом МЭИ},
  editor       = {проф. Т.В. Кузнецовой},
  address      = {М.},
  year         = {2010},
  pages        = {232},
  language     = {russian},
}

@PHDTHESIS{thesis_smart_card,
  author       = {Raymond Philip Causton},
  title        = {Smart card usage for authentication in web 
						single sign-on systems},
  school       = {HELSINKI UNIVERSITY OF TECHNOLOGY 
Department of Electrical and Communications Engineering},
  year         = {2002},
}

@PHDTHESIS{thesis_digit_sign,
  author       = {Jacqueline Fai Yeung},
  title        = {Digital Signatures : 
					A Survey of Undeniable Signatures},
  school       = {School of Computer Science 
McGill University, Montreal},
  year         = {1998},
}

@INPROCEEDINGS{conf_itnop_lsa_concept,
 author       = {Лазарев, Сергей Александрович and Демидов, Александр
Владимирович},
 title        = {Концепция построения системы управления
информационным обменом сети образовательных порталов},
 booktitle    = {Информационные технологиии в науке, образовании и
производстве},
 year         = {2010},
 pages        = {80--86},
 volume       = {5},
 language     = {russian},
}

% Chapter 2

@BOOK{zapechnikov,
  author       = {С. В. Запечников and Н. Г. Милославская and А. И. Толстой and Д. В. Ушаков},
  title        = {Информационная безопасность открытых систем. Том 1 -- Угрозы, 
  					 уязвимости, атаки и подходы к защите},
  publisher    = {Горячая линия -- Телеком},
  address      = {М.},
  year         = {2006},
  pages        = {536},
  language     = {russian},
  isbn         = {5-93517-291-1},
}

@BOOK{ruk_doc,
   title        = {Руководящий документ Гостехкомиссии России <<Защита 
   				от несанкионированного доступа к информации. Термины и определения.>>},
  address      = {М.},
  year         = {1992},
}

@BOOK{gerasimenko,
  author       = {В. А. Герасименко and А. А. Малюк},
  title        = {Основы защиты информации},
  address      = {М.},
  year         = {1997},
}

@ARTICLE{ComputerWeek,
  title        = {Защита информации в архитектурах клиент-сервер},
 journal      = {ComputerWeek},
 number       = {15},
 pages        = {13, 15--19, 49--71},
 year         = {1996},
 language     = {russian},
}

@INCOLLECTION{elgamal,
  title        = {ElGamal},
  booktitle    = {Алгоритмы шифрования},
  organization = {CodeNet},
  year         = {2007},
  url          = {http://www.codenet.ru/progr/alg/enc/10.php},
  urldate      = {11.09.2011},
}

@BOOK{FZ_63,
  title        = {Федеральный закон Российской
Федерации от 6 апреля 2011 г. N63-ФЗ},
  year         = {2011},
  language     = {russian},
}

@BOOK{barichev,
  author       = {С. Г. Баричев},
  title        = {Основы современной криптографии},
  publisher    = {Горячая линия -- Телеком},
  address      = {М.},
  year         = {2001},
  pages        = {313},
  language     = {russian},
}

@BOOK{GOST_P341094,
  title        = {ГОСТ Р 34.10-94 Информационная технология. Криптографическая защита информации. 
  Процедуры выработки и проверки электронной цифровой подписи на 
  базе асимметричного криптографического алгоритма – Введ. 1995-01-01.},
  publisher    = {Госстандарт России: Изд-во стандартов},
  address      = {М.},
  year         = {1995},
  language     = {russian},
}

% chapter 3

@INCOLLECTION{ECP,
  author       = {Ю. А. Семенов},
  title        = {Электронная подпись},
  booktitle    = {Сетевая безопасность},
  organization = {ГНЦ ~ ИТЭФ},
  year         = {2006},
  url          = {http://www.codenet.ru/progr/alg/enc/10.php},
  urldate      = {04.03.2010},
}

@BOOK{evstifiev,
  author       = {А. В. Евстифиев},
  title        = {Микроконтроллеры AVR семейств Tiny и Mega фирмы Atmel},
  publisher    = {дом <<Додека-XXI>>},
  address      = {М.},
  year         = {2005},
  pages        = {560},
  language     = {russian},
  isbn         = {5-94120-099-4},
}

@BOOK{uml_rambo,
 author       = {Рамбо, Дж. and Якобсон, А. and Буч, Г.},
 title        = {UML: специальный справочник},
 publisher    = {<<Питер>>},
 address      = {СПб.},
 year         = {2001},
 language     = {russian},
 pages            = {656},
}

@BOOK{uml_rosenberg,
 author       = {Розенберг, Д. and Скотт, К.},
 title        = {Применение объектного моделирования с использованием
UML и анализ прецедентов},
 publisher    = {<<ДМК~Пресс>>},
 address      = {М.},
 year         = {2002},
 pages            = {160},
 language     = {russian}
}

@INPROCEEDINGS{concept_PCKD,
 author       = {Лазарев, Сергей Александрович and Силаев, Павел Павлович},
 title        = {Применение цифровых носителей  идентификационной информации 
 					для управления доступом в сети корпоративных порталов},
 booktitle    = {Информационные системы и технологии},
 year         = {2011},
 pages        = {114--119},
 volume       = {3},
 language     = {russian},
}

@INPROCEEDINGS{accociate,
 author       = {Лазарев, Сергей Александрович},
 title        = {Некоторые аспекты создания информационных ассоциаций в глобальных сетях 
  					на основе построения сети корпоративных порталов},
 booktitle    = {Информационные системы и технологии},
 year         = {2012},
 pages        = {103--107},
 volume       = {1},
 language     = {russian},
}

@INCOLLECTION{atmel,
  title        = {Описание микроконтроллеров семейства AT91SAM7},
  booktitle    = {ARM-based},
  organization = {Аtmel ~ Corporation},
  year         = {2011},
  url          = {http://www.atmel.com/dyn/resources/prod_documents/doc6175.pdf},
  urldate      = {16.03.2012},
}

@INCOLLECTION{olimex,
  title        = {Принципиальная электрическая схема AT91SAM7s64},
  booktitle    = {ARM-based},
  organization = {OLIMEX},
  year         = {2009},
  url          = {http://olimex.com/dev/pdf/SAM7S-P64.pdf},
  urldate      = {13.02.2012},
}

@INCOLLECTION{kozlov,
  author       = {Ю. Козлов},
  title        = {HID-устройства},
  booktitle    = {Создание USB-устройств},
  year         = {2009},
  url          = {http://www.jais.ru/write10.html},
  urldate      = {15.02.2012},
}

@INCOLLECTION{oracle,
  title        = {JNI Technology},
  booktitle    = {JDCBook},
  organization = {Oracle ~ Corporation},
  year         = {2011},
  url          = {http://java.sun.com/developer/onlineTraining/Programming/JDCBook/
jni.html
},
  urldate      = {19.04.2012},
}

@INCOLLECTION{nikitin,
  author       = {А. Никитин},
  title        = {Подписыаем java-апплеты -- получаем права},
  booktitle    = {ИНТЕРНЕТ-ЖУРНАЛ О ПРОГРАММИРОВАНИИ И ИТ},
  organization = {СВИТТЕР},
  year         = {2009},
  url          = {http://svitter.ru/?p=43},
  urldate      = {21.03.2012},
}

@INCOLLECTION{rpc,
  author       = {Н. А. Олифер},
  title        = {Вызов удаленных процедур (RPC)},
  booktitle    = {Стевые операционные системы},
  organization = {CITForum},
  year         = {2010},
  url          = {http://citforum.ru/operating_systems/sos/glava_12.shtml},
  urldate      = {02.04.2012},
}

@INCOLLECTION{sajax,
  title        = {SAjax},
  booktitle    = {SimpleAjax Toolkit},
  organization = {MODERNMETHOD},
  year         = {2011},
  url          = {http://sajax.info/},
  urldate      = {06.04.2012},
}

@INPROCEEDINGS{tex_asp,
 author       = {Лазарев, Сергей Александрович and Силаев, Павел Павлович},
 title        = {Технические аспекты применения портативных 
 				цифровых устройств доступа в сети корпоративных порталов},
 booktitle    = {Информационные системы и технологии},
 year         = {2012},
 pages        = {114--119},
 volume       = {3},
 language     = {russian},
}

@INPROCEEDINGS{art_rpc,
 author       = {Лазарев, Сергей Александрович and Силаев, Павел Павлович},
 title        = {Интеграция решения по идентификации пользователей с применением портативного 
 					цифрового устройства доступа в корпоративные информационные системы},
 booktitle    = {Информационные технологиии в науке, образовании и
			производстве},
 year         = {2012},
 pages        = {130--133},
 volume       = {том 2},
 language     = {russian},
}


%chapter 4


@INPROCEEDINGS{conf_isit_lsa_protocols,
 author       = {Лазарев, Сергей Александрович and Силаев, Павел Павлович},
 title        = {Проблемы реализации алгоритмов алгоритмов асимметричного 
 					шифрования и пути их решения},
 booktitle    = {Информационные системы и технологиии (ИСиТ-2011)},
 year         = {2011},
 pages        = {53--57},
 language     = {russian},
 }
 
@INCOLLECTION{ferma,
  title        = {Физическое доказательство малой теоремы Ферма},
  booktitle    = {Матиматика шифрования},
  organization = {ega-math},
  year         = {2008},
  url          = {http://www.ega-math.narod.ru/Nquant/Little.htm},
  urldate      = {03.08.2008},
} 
 
@INCOLLECTION{rabin,
  title        = {Тест простоты Рабина},
  booktitle    = {Матиматика шифрования},
  organization = {algolist},
  year         = {2007},
  url          = {http://algolist.manual.ru/maths/teornum/rabmil.php},
  urldate      = {07.09.2008},
} 
 
%регистрация программы

@ARTICLE{svidetelstvo_auth,
 author       = {Константинов, Игорь Сергеевич and Лазарев, Сергей
Александрович and Силаев, Павел Павлович and Демидов, Александр Владимирович},
 title        = {Клиентская подсистема аутентификации пользователей в сети корпоративных порталов 
 с применением портативного цифрового устройства доступа. 
      Свидетельство о государственной регистрации программы для ЭВМ
No.ХХХХХХХХХ, зарегистрированно в реестре программ для ЭВМ 8~декабря
2012~г.
       (личное участие~25\%)},
 language         = {russian}
}